@phdthesis{fielding_architectural_2000,
	title = {Architectural {Styles} and the {Design} of {Network}-based {Software} {Architectures}},
	author = {Fielding, Roy},
	month = jan,
	year = {2000},
}

@misc{Web89,
  title = {Information Management: A Proposal},
  howpublished = {\url{https://www.w3.org/History/1989/proposal.html}},
  note = {\textgreek{Ημερομηνία πρόσβασης}: 29-11-2020}
}

@inproceedings{date_relational_1975,
	title = {The relational and network approaches: {Comparison} of the application programming interfaces},
	shorttitle = {The relational and network approaches},
	doi = {10.1145/800297.811532},
	abstract = {For some time now there has been considerable debate in the field of database systems over the fundamental question of the underlying design philosophy of such a system. The controversy has centered on the structure of the programmer interface, though of course the design chosen for this interface has repercussions throughout the rest of the system. Two approaches to this problem have received particular attention: the network approach, which is typified by the proposals of the CODASYL Data Base Task Group (DBTG), and the relational approach, which is advocated by the present authors (among others). The purpose of this paper is to give some comparisons between these two approaches (primarily from the application programming viewpoint), and to show what the authors believe to be the advantages of the relational approach. The reader is assumed to have a basic familiarity with the two approaches.},
	booktitle = {{SIGFIDET} '74},
	author = {Date, C. and Codd, E. F.},
	year = {1975},
}

@book{amundsen2013restful,
  title={RESTful Web APIs},
  author={Amundsen, Michael and Richardson, Leonard and Ruby, S},
  year={2013},
  publisher={O'Reilly Media, Incorporated}
}

@book{jin2018designing,
  title={Designing Web APIs: Building APIs That Developers Love},
  author={Jin, Brenda and Sahni, Saurabh and Shevat, Amir},
  year={2018},
  publisher={O'Reilly Media, Incorporated}
}

@book{masse_rest_2012,
	address = {Beijing},
	title = {{REST} {API} design rulebook: designing consistent {RESTful} {Web} {Service} {Interfaces}},
	isbn = {978-1-4493-1050-9},
	shorttitle = {{REST} {API} design rulebook},
	language = {en},
	publisher = {O'Reilly Media, Incorporated},
	author = {Massé, Mark},
	year = {2012},
}

@book{myers2004art,
  title={The art of software testing},
  author={Myers, Glenford J and Badgett, Tom and Thomas, Todd M and Sandler, Corey},
  volume={2},
  year={2004},
  publisher={Wiley Online Library}
}

@article{pan1999software,
  title={Software testing},
  author={Pan, Jiantao},
  journal={Dependable Embedded Systems},
  volume={5},
  pages={2006},
  year={1999}
}

@book{smith1990performance,
  title={Performance engineering of software systems},
  author={Smith, Connie U},
  year={1990},
  publisher={Addison-Wesley Longman Publishing Co., Inc.}
}

@inproceedings{hamlet1994foundations,
  title={Foundations of software testing: dependability theory},
  author={Hamlet, Dick},
  booktitle={Proceedings of the 2nd ACM SIGSOFT Symposium on Foundations of software engineering},
  pages={128--139},
  year={1994}
}

@inproceedings{vokolos1998performance,
  title={Performance testing of software systems},
  author={Vokolos, Filippos I and Weyuker, Elaine J},
  booktitle={Proceedings of the 1st International Workshop on Software and Performance},
  pages={80--87},
  year={1998}
}

@inproceedings{pradeep2019pragmatic,
  title={A pragmatic evaluation of stress and performance testing technologies for web based applications},
  author={Pradeep, S and Sharma, Yogesh Kumar},
  booktitle={2019 Amity International Conference on Artificial Intelligence (AICAI)},
  pages={399--403},
  year={2019},
  organization={IEEE}
}

@article{potter2004software,
  title={Software security testing},
  author={Potter, Bruce and McGraw, Gary},
  journal={IEEE Security \& Privacy},
  volume={2},
  number={5},
  pages={81--85},
  year={2004},
  publisher={IEEE}
}

@book{dustin1999automated,
  title={Automated Software Testing: Introduction, Management, and Performance: Introduction, Management, and Performance},
  author={Dustin, Elfriede and Rashka, Jeff and Paul, John},
  year={1999},
  publisher={Addison-Wesley Professional}
}

@article{chauhan2014latest,
  title={Latest research and development on software testing techniques and tools},
  author={Chauhan, Rasneet Kaur and Singh, Iqbal},
  journal={International Journal of Current Engineering and Technology},
  volume={4},
  number={4},
  pages={2368--2372},
  year={2014},
  publisher={Citeseer}
}

@inproceedings{sneha2017research,
  title={Research on software testing techniques and software automation testing tools},
  author={Sneha, Karuturi and Malle, Gowda M},
  booktitle={2017 International Conference on Energy, Communication, Data Analytics and Soft Computing (ICECDS)},
  pages={77--81},
  year={2017},
  organization={IEEE}
}

@inproceedings{bertolino2007software,
  title={Software testing research: Achievements, challenges, dreams},
  author={Bertolino, Antonia},
  booktitle={Future of Software Engineering (FOSE'07)},
  pages={85--103},
  year={2007},
  organization={IEEE}
}

@misc{fielding1999hypertext,
  title={Hypertext transfer protocol--HTTP/1.1},
  author={Fielding, Roy and Gettys, Jim and Mogul, Jeffrey and Frystyk, Henrik and Masinter, Larry and Leach, Paul and Berners-Lee, Tim},
  year={1999},
  publisher={RFC 2616, june}
}

@article{freed2005media,
  title={Media type specifications and registration procedures},
  author={Freed, Ned and Klensin, J and Hansen, Tony},
  year={2005},
  publisher={BCP 13, RFC 4288, December}
}

@book{niemeyer2005learning,
  title={Learning java},
  author={Niemeyer, Patrick and Knudsen, Jonathan},
  year={2005},
  publisher={" O'Reilly Media, Inc."}
}

@book{arnold2000java,
  title={The Java programming language},
  author={Arnold, Ken and Gosling, James and Holmes, David and Holmes, David},
  volume={2},
  year={2000},
  publisher={Addison-wesley Reading}
}

@article{gosling1995java,
  title={The Java language environment},
  author={Gosling, James and McGilton, Henry},
  journal={Sun Microsystems Computer Company},
  volume={2550},
  pages={38},
  year={1995}
}

@book{kapelonis2016java,
  title={Java testing with Spock},
  author={Kapelonis, Konstantinos},
  year={2016},
  publisher={Manning Publications Shelter Island, New York}
}

@book{gamma1995design,
  title={Design patterns: elements of reusable object-oriented software},
  author={Gamma, Erich},
  year={1995},
  publisher={Pearson Education India}
}

@article{wichmann1995industrial,
  title={Industrial perspective on static analysis},
  author={Wichmann, Brian A and Canning, AA and Clutterbuck, DL and Winsborrow, LA and Ward, NJ and Marsh, DWR},
  journal={Software Engineering Journal},
  volume={10},
  number={2},
  pages={69--75},
  year={1995},
  publisher={IET}
}

@inproceedings{ball1999concept,
  title={The concept of dynamic analysis},
  author={Ball, Thomas},
  booktitle={Software Engineering—ESEC/FSE’99},
  pages={216--234},
  year={1999},
  organization={Springer}
}

@article{article2010,
author = {Kasurinen, Jussi and Taipale, Ossi and Smolander, Kari},
year = {2010},
month = {02},
pages = {},
title = {Software Test Automation in Practice: Empirical Observations},
volume = {2010},
journal = {Advances in Software Engineering},
doi = {10.1155/2010/620836}
}

@article{articleMaz,
author = {Majchrzak, Tim A.},
year = {2010},
month = {11},
pages = {},
title = {Improving the Technical Aspects of Software Testing in Enterprises},
volume = {1},
journal = {International Journal of Advanced Computer Science and Applications},
doi = {10.14569/IJACSA.2010.010401}
}

@inproceedings{martin2020ai,
  title={AI-driven web API testing},
  author={Martin-Lopez, Alberto},
  booktitle={Proceedings of the ACM/IEEE 42nd International Conference on Software Engineering: Companion Proceedings},
  pages={202--205},
  year={2020}
}

@article{garcia2019deepaas,
  title={DEEPaaS API: A REST API for machine learning and deep learning models},
  author={Garc{\'\i}a, {\'A}lvaro L{\'o}pez},
  journal={Journal of Open Source Software},
  volume={4},
  number={42},
  pages={1517},
  year={2019}
}

@article{howard2020fastai,
  title={Fastai: A layered API for deep learning},
  author={Howard, Jeremy and Gugger, Sylvain},
  journal={Information},
  volume={11},
  number={2},
  pages={108},
  year={2020},
  publisher={Multidisciplinary Digital Publishing Institute}
}

@article{kubany2020comparison,
  title={Comparison of state-of-the-art deep learning APIs for image multi-label classification using semantic metrics},
  author={Kubany, Adam and Ishay, Shimon Ben and Ohayon, Ruben Sacha and Shmilovici, Armin and Rokach, Lior and Doitshman, Tomer},
  journal={Expert Systems with Applications},
  volume={161},
  pages={113656},
  year={2020},
  publisher={Elsevier}
}

@article{mayer2018restful,
  title={RESTful APIs for the 5G service based architecture},
  author={Mayer, Georg},
  journal={Journal of ICT Standardization},
  volume={6},
  number={1},
  pages={101--116},
  year={2018},
  publisher={River Publishers}
}

@article{gubbi2013internet,
  title={Internet of Things (IoT): A vision, architectural elements, and future directions},
  author={Gubbi, Jayavardhana and Buyya, Rajkumar and Marusic, Slaven and Palaniswami, Marimuthu},
  journal={Future generation computer systems},
  volume={29},
  number={7},
  pages={1645--1660},
  year={2013},
  publisher={Elsevier}
}

@article{wang2018iot,
  title={From IoT to 5G I-IoT: The next generation IoT-based intelligent algorithms and 5G technologies},
  author={Wang, Dan and Chen, Dong and Song, Bin and Guizani, Nadra and Yu, Xiaoyan and Du, Xiaojiang},
  journal={IEEE Communications Magazine},
  volume={56},
  number={10},
  pages={114--120},
  year={2018},
  publisher={IEEE}
}

@misc{noauthor_oaiopenapispecification_2021,
  title = {{OpenAPI}-{Specification}},
  howpublished = {\url{https://github.com/OAI/OpenAPI-Specification}},
  note = {\textgreek{Ημερομηνία πρόσβασης}: 22-1-2021}
}

@misc{swagger,
  title = {About {Swagger} {Specification}},
  howpublished = {\url{https://swagger.io/docs/specification/about/}},
  note = {\textgreek{Ημερομηνία πρόσβασης}: 22-1-2021}
}

@misc{postman,
  title = {Postman {\textbar} {The} {Collaboration} {Platform} for {API} {Development}},
  howpublished = {\url{https://www.postman.com/}},
  note = {\textgreek{Ημερομηνία πρόσβασης}: 22-1-2021}
}

@book{1989managing,
  title={Managing the Software Process},
  isbn={9788177583304},
  series={SEI series in software engineering},
  url={https://books.google.gr/books?id=ZUXFqK1rwoEC},
  year={1989},
  publisher={Pearson Education}
}

@article{myers1978controlled,
  title={A controlled experiment in program testing and code walkthroughs/inspections},
  author={Myers, Glenford J},
  journal={Communications of the ACM},
  volume={21},
  number={9},
  pages={760--768},
  year={1978},
  publisher={ACM New York, NY, USA}
}